@inproceedings{bertalmio2000image,
  title={Image inpainting},
  author={Bertalmio, Marcelo and Sapiro, Guillermo and Caselles, Vincent and Ballester, Coloma},
  booktitle={Proceedings of the 27th annual conference on Computer graphics and interactive techniques},
  pages={417--424},
  year={2000},
  organization={ACM Press/Addison-Wesley Publishing Co.}
}

@inproceedings{tomasi1998bilateral,
  title={Bilateral filtering for gray and color images},
  author={Tomasi, Carlo and Manduchi, Roberto},
  booktitle={Computer Vision, 1998. Sixth International Conference on},
  pages={839--846},
  year={1998},
  organization={IEEE}
}

@inproceedings{zhang2012edge,
  title={Edge-preserving photometric stereo via depth fusion},
  author={Zhang, Qing and Ye, Mao and Yang, Ruigang and Matsushita, Yasuyuki and Wilburn, Bennett and Yu, Huimin},
  booktitle={Computer Vision and Pattern Recognition (CVPR), 2012 IEEE Conference on},
  pages={2472--2479},
  year={2012},
  organization={IEEE}
}

@inproceedings{or2015rgbd,
  title={Rgbd-fusion: Real-time high precision depth recovery},
  author={Or-El, Roy and Rosman, Guy and Wetzler, Aaron and Kimmel, Ron and Bruckstein, Alfred M},
  booktitle={Proceedings of the IEEE Conference on Computer Vision and Pattern Recognition},
  pages={5407--5416},
  year={2015}
}

@inproceedings{han2013high,
  title={High quality shape from a single rgb-d image under uncalibrated natural illumination},
  author={Han, Yudeog and Lee, Joon-Young and So Kweon, In},
  booktitle={Proceedings of the IEEE International Conference on Computer Vision},
  pages={1617--1624},
  year={2013}
}

@inproceedings{or2016real,
  title={Real-time depth refinement for specular objects},
  author={Or-El, Roy and Hershkovitz, Rom and Wetzler, Aaron and Rosman, Guy and Bruckstein, Alfred M and Kimmel, Ron},
  booktitle={Proceedings of the IEEE Conference on Computer Vision and Pattern Recognition},
  pages={4378--4386},
  year={2016}
}

@inproceedings{haque2014high,
  title={High quality photometric reconstruction using a depth camera},
  author={Haque, Mohammadul and Chatterjee, Avishek and Madhav Govindu, Venu and others},
  booktitle={Proceedings of the IEEE Conference on Computer Vision and Pattern Recognition},
  pages={2275--2282},
  year={2014}
}

@inproceedings{yu2013shading,
  title={Shading-based shape refinement of rgb-d images},
  author={Yu, Lap-Fai and Yeung, Sai-Kit and Tai, Yu-Wing and Lin, Stephen},
  booktitle={Proceedings of the IEEE Conference on Computer Vision and Pattern Recognition},
  pages={1415--1422},
  year={2013}
}
